@misc{reference2024,
    author={Atkinson, Alfie},
    title={This Is a Reference},
    year={2024}
}