@article{shaikh2023information,
  title={Information security risk assessments following cybersecurity breaches: The mediating role of top management attention to cybersecurity},
  author={Shaikh, Faheem Ahmed and Siponen, Mikko},
  journal={Computers \& Security},
  volume={124},
  pages={102974},
  year={2023},
  publisher={Elsevier}
}

@misc{ibm2021devsecops,
  title={DevSecOps},
  journal={ibm.com},
  author={IBM},
  year={2021},
  month={Oct},
  url={https://www.ibm.com/think/topics/devsecops}
}

@article{klimczak2007risk,
  title={Risk Management Theory: A comprehensive empirical assessment},
  author={Klimczak, Karol Marek},
  year={2007},
  publisher={Kozminski Working Paper}
}